@comment{Chapter I: Motivation and Context}

@article{LBJ,
    author    = {President Lyndon B. Johnson},
    title     = {Speech to a joint session of Congress on March 15, 1965},
    journal   = {Public Papers of the Presidents of the United States},
    month     = {March},
    year      = {1965},
    volume    = {I, entry 107},
    pages     = {281-287},
    note      = {\url{http://www.lbjlibrary.org/lyndon-baines-johnson/speeches-films/president-johnsons-special-message-to-the-congress-the-american-promise}}
}
@article{BarocasSelbst,
    author    = {Solon Barocas and Andrew D. Selbst},
    title     = {Big Data's Disparate Impact},
    journal   = {Calif Law Rev.},
    year      = {2016},
    volume    = {104},
    pages     = {671-732},
    note      = {\url{https://papers.ssrn.com/sol3/papers.cfm?abstract_id=2477899}}
}
@article{Berkeley,
    author    = {P. J. Bickel and E. A. Hammel and J. W. O'Connell},
    title     = {Sex Bias in Graduate Admissions: Data from Berkeley},
    journal   = {Science},
    month     = {February},
    year      = {1975},
    volume    = {187, Issue 4175},
    pages     = {398-404},
    note      = {\url{https://science.sciencemag.org/content/187/4175/398}}
}
@article{Simpson,
    author    = {Simpson, E},
    title     = {The Interpretation of Interaction in Contingency Tables},
    journal   = {Journal of the Royal Statistical Society},
    month     = {March},
    year      = {1951},
    volume    = {Series B, 13},
    pages     = {238–241},
    note      = {\url{https://www.jstor.org/stable/2984065}}
}
@article{ProPub1,
    author    = {Julia Angwin and Jeff Larson and Surya Mattu and Lauren Kirchner},
    title     = {Machine Bias},
    journal   = {ProPublica},
    month     = {March},
    year      = {2016},
    note      = {\url{https://www.propublica.org/article/machine-bias-risk-assessments-in-criminal-sentencing}}
}
@misc{CriminalFace,
    author        = {Xiaolin Wu and Xi Zhang},
    title         = {Automated Inference on Criminality using Face Images}, 
    year          = {2017},
    eprint        = {1611.04135},
    archivePrefix = {arXiv},
    primaryClass  = {cs.CV},
    note          = {\url{https://arxiv.org/abs/1611.04135}}
}
@article{SexualityFace,
    author    = {Wang, Y. and Kosinski, M.},
    title     = {Deep neural networks are more accurate than humans at detecting sexual orientation from facial images},
    journal   = {Journal of Personality and Social Psychology},
    year      = {2018},
    note      = {\url{https://www.gsb.stanford.edu/faculty-research/publications/deep-neural-networks-are-more-accurate-humans-detecting-sexual}}
}
@article{EthnicityFace,
    author    = {Wang, C. and Zhang, Q. and Liu, W. and Liu, Y. and Miao, L.},
    title     = {Facial feature discovery for ethnicity recognition},
    journal   = {Wiley Interdisciplinary Reviews: Data Mining and Knowledge Discovery},
    year      = {2018},
    note      = {\url{https://espace.curtin.edu.au/handle/20.500.11937/71484}}
}
@proceedings{CarCadTED,
    author    = {Carole Cadwalladr},
    title     = {Facebook's role in {Brexit} - and the threat to democracy},
    publisher = {TED},
    year      = {2019},
    note      = {\url{https://www.ted.com/talks/carole_cadwalladr_facebook_s_role_in_brexit_and_the_threat_to_democracy}}
}
@misc{WomanHomemaker,
    author        = {Tolga Bolukbasi and Kai-Wei Chang and James Zou and Venkatesh Saligrama and Adam Kalai},
    title         = {Man is to Computer Programmer as Woman is to Homemaker? Debiasing Word Embeddings}, 
    year          = {2016},
    eprint        = {1607.06520},
    archivePrefix = {arXiv},
    primaryClass  = {cs.CL},
    note      = {\url{https://arxiv.org/abs/1607.06520}}
}
@article{BiasSemantics,
    author    = {Aylin Caliskan and Joanna J. Bryson and Arvind Narayanan},
    title     = {Semantics derived automatically from language corpora contain human-like biases},
    journal   = {Science},
    volume    = {356},
    issue     = {6334},
    pages     = {183-186},
    month     = {April},
    year      = {2017},
    note      = {\url{https://researchportal.bath.ac.uk/en/publications/semantics-derived-automatically-from-language-corpora-necessarily}}
}
@proceedings{GenderShades,
    author    = {Joy Buolamwini and Timnit Gerbru},
    title     = {Gender Shades: Intersectional Accuracy Disparities in
Commercial Gender Classification},
    publisher = {Proceedings of Machine Learning Research},
    volume    = {81},
    pages     = {1-15},
    year      = {2018},
    note      = {\url{http://proceedings.mlr.press/v81/buolamwini18a/buolamwini18a.pdf}}
}
@misc{TinyImages,
    author        = {Vinay Uday Prabhu and Abeba Birhane},
    title         = {Large image datasets: A pyrrhic win for computer vision?}, 
    year          = {2020},
    eprint        = {2006.16923},
    archivePrefix = {arXiv},
    primaryClass  = {cs.CY},
    note      = {\url{https://arxiv.org/abs/2006.16923}}
}
@article{LatanyaSweeney,
    author    = {Latanya Sweeney},
    title     = {Discrimination in Online Ad Delivery},
    journal   = {SSRN},
    year      = {2013},
    note      = {\url{https://papers.ssrn.com/sol3/papers.cfm?abstract_id=2208240}}
}
@article{OccupationImageSearch,
    author    = {Matthew Kay and Cynthia Matuszek and Sean A. Munson},
    title     = {Unequal Representation and Gender Stereotypes
in Image Search Results for Occupations},
    journal   = {ACM},
    year      = {2015},
    note      = {\url{https://www.csee.umbc.edu/~cmat/Pubs/KayMatuszekMunsonCHI2015GenderImageSearch.pdf}}
}
@article{AmazonSameDayPrime,
    author    = {David Ingold and Spencer Soper},
    title     = {Amazon Doesn’t Consider the Race of Its Customers. Should It?},
    journal   = {Bloomberg},
    month     = {April},
    year      = {2016},
    note      = {\url{https://www.bloomberg.com/graphics/2016-amazon-same-day/}}
}
@book{JusticeFairness,
    author    = {Rawls, John},
    title     = {Justice As Fairness: a Restatement},
    address   = {Cambridge, Mass.},
    publisher = {Harvard University Press},
    note      = {(1921-2002)},
    year      = {2001}
}
@misc{FireFighters,
    title     = {{Ricci v. DeStefano, 557 U.S. 557}},
    year      = {2009},
    note      = {\url{https://en.wikipedia.org/wiki/Ricci_v._DeStefano}}
}
@misc{BusinessNecessity,
    title     = {{Griggs v. Duke Power Co., 401 U.S. 424}},
    year      = {1971},
    note      = {\url{https://en.wikipedia.org/wiki/Griggs_v._Duke_Power_Co.}}
}
@misc{UnderRepStudents,
    title     = {{Grutter v. Bollinger, 539 U.S. 306}},
    year      = {2003},
    note      = {\url{https://en.wikipedia.org/wiki/Grutter_v._Bollinger}}
}
@misc{BusinessJustification,
    title     = {{Wards Cove Packing Co. v. Atonio, 490 U.S. 642}},
    year      = {1989},
    note      = {\url{https://en.wikipedia.org/wiki/Wards_Cove_Packing_Co._v._Atonio}}
}
@misc{GDPR,
    title     = {{General Data Protection Regulation (GDPR): (EU) 2016/679 Recital 71}},
    month     = {May},
    year      = {2018},
    note      = {\url{https://gdpr-info.eu/recitals/no-71/}}
}
@article{SexistOED,
    author    = {Emer O’Toole},
    title     = {A dictionary entry citing `rabid feminist' doesn’t just reflect prejudice, it reinforces it},
    journal   = {The Guardian},
    month     = {January},
    year      = {2016},
    note      = {\url{https://www.theguardian.com/commentisfree/2016/jan/26/rabid-feminist-language-oxford-english-dictionary}}
}
@article{Pejoration,
    author    = {David Shariatmadari},
    title     = {Eight words that reveal the sexism at the heart of the English language},
    journal   = {The Guardian},
    month     = {January},
    year      = {2016},
    note      = {\url{https://www.theguardian.com/commentisfree/2016/jan/27/eight-words-sexism-heart-english-language}}
}

@comment{Chapter II: Ethical Development}

@article{ProPub2,
    author    = {Jeff Larson and Surya Mattu and Lauren Kirchner and Julia Angwin},
    title     = {How We Analyzed the COMPAS Recidivism Algorithm},
    journal   = {ProPublica},
    month     = {March},
    year      = {2016},
    note      = {\url{https://www.propublica.org/article/how-we-analyzed-the-compas-recidivism-algorithm}}
}
@manual{COMPASguide,
    title     = {Practitioners Guide to COMPAS Core},
    author    = {Northpointe},
    month     = {March},
    year      = {2015},
    note      = {\url{https://assets.documentcloud.org/documents/2840784/Practitioner-s-Guide-to-COMPAS-Core.pdf}}
}
@article{ConsClfn,
    author    = {d’ Alessandro, Brian and O’Neil, Cathy and LaGatta, Tom},
    title     = {Conscientious Classification: A Data Scientist’s Guide to Discrimination-Aware Classification},
    volume    = {5},
    ISSN      = {2167-647X},
    DOI       = {10.1089/big.2016.0048},
    number    = {2},
    journal   = {Big Data},
    publisher = {Mary Ann Liebert Inc},
    month     = {June},
    year      = {2017},
    pages     = {120–134},
    note      = {\url{https://arxiv.org/abs/1907.09013}}
}
@techreport{ProPub3,
    author      = {Jeff Larson},
    title       = {ProPublica analysis of data from Broward County, Fla.},
    institution = {ProPublica},
    month       = {March},
    year        = {2016},
    note        = {\url{https://github.com/propublica/compas-analysis/blob/master/Compas\%20Analysis.ipynb}}

}
@article{BBCFPrison,
    author    = {Christian Jarrett},
    title     = {How Prison Changes People},
    journal   = {BBC Future},
    month     = {May},
    year      = {2018},
    note      = {\url{https://www.bbc.com/future/article/20180430-the-unexpected-ways-prison-time-changes-people}}
}
@article{Nagin,
    author    = {Daniel S. Nagin},
    title     = {Deterrence in the Twenty-First Century: A Review of the Evidence},
    journal   = {Crime and Justice},
    volume    = {42},
    month     = {May},
    year      = {2018},
    note      = {\url{https://www.journals.uchicago.edu/doi/abs/10.1086/670398}}
}
@article{TheSentProj,
    author    = {Marc Mauer},
    title     = {Long-Term Sentences: Time to Reconsider the Scale of Punishment},
    journal   = {The Sentencing Project},
    month     = {November},
    year      = {2018},
    note      = {\url{https://www.sentencingproject.org/publications/long-term-sentences-time-reconsider-scale-punishment/\#:~:text=There\%20are\%20several\%20reasons\%20for,sentences\%20add\%20little\%20to\%20the}}
}
@article{PrisPolInit,
    author    = {Peter Wagner and Wendy Sawyer},
    title     = {States of Incarceration: The Global Context},
    journal   = {Prison Policy Initiative},
    month     = {June},
    year      = {2018},
    note      = {\url{https://www.prisonpolicy.org/global/2018.html}}
}
@article{BBCFLongSent,
    author    = {Bryan Lufkin},
    title     = {The myth behind long prison sentences},
    journal   = {BBC Future},
    month     = {May},
    year      = {2018},
    note      = {\url{https://www.bbc.com/future/article/20180514-do-long-prison-sentences-deter-crime}}
}
@misc{DS4DS,
    author        = {Timnit Gebru and Jamie Morgenstern and Briana Vecchione and Jennifer Wortman Vaughan and Hanna Wallach and Hal Daumé III au2 and Kate Crawford},
    title         = {Datasheets for Datasets},
    year          = {2020},
    eprint        = {1803.09010},
    archivePrefix = {arXiv},
    primaryClass  = {cs.DB},
    note          = {\url{https://arxiv.org/abs/1803.09010}}
}
@article{MC4MR,
    author    = {Mitchell, Margaret and Wu, Simone and Zaldivar, Andrew and Barnes, Parker and Vasserman, Lucy and Hutchinson, Ben and Spitzer, Elena and Raji, Inioluwa Deborah and Gebru, Timnit},
    title     = {Model Cards for Model Reporting},
    journal   = {Proceedings of the Conference on Fairness, Accountability, and Transparency},
    publisher = {ACM},
    month     = {January},
    year      = {2019},
    isbn      = {9781450361255},
    doi       = {10.1145/3287560.3287596},
    note      = {\url{http://dx.doi.org/10.1145/3287560.3287596}}
}
@article{CalderoneSexRoles,
    author    = {Karen L. Calderone},
    title     = {The influence of gender on the frequency of pain and sedative medication administered to postoperative patients},
    journal   = {Sex Roles},
    volume    = {23},
    pages     = {713–725},
    year      = {1990},
    doi       = {https://doi.org/10.1007/BF00289259},
    note      = {\url{https://link.springer.com/article/10.1007/BF00289259}}
}
@article{SexAnalgesic,
    author    = {Esther H. Chen MD and Frances S. Shofer PhD and Anthony J. Dean MD and Judd E. Hollander MD and William G. Baxt MD and Jennifer L. Robey RN and Keara L. Sease MaEd and Angela M. Mills MD},
    title     = {Gender Disparity in Analgesic Treatment of Emergency Department Patients with Acute Abdominal Pain},
    journal   = {Academic Emergency Medicine},
    volume    = {15},
    issue     = {5},
    pages     = {414-418},
    month     = {May},
    year      = {2008},
    doi       = {https://doi.org/10.1111/j.1553-2712.2008.00100.x},
    note      = {\url{https://pubmed.ncbi.nlm.nih.gov/18439195/}}
}
@article{GirlPain,
    author    = {Hoffmann, Diane E. and Tarzian, Anita J.},
    title     = {The Girl Who Cried Pain: A Bias Against Women in the Treatment of Pain},
    journal   = {SSRN},
    year      = {2001},
    doi       = {http://dx.doi.org/10.2139/ssrn.383803},
    note      = {\url{https://papers.ssrn.com/sol3/papers.cfm?abstract_id=383803}}
}
@article{RacialBiasPain,
    author    = {Hoffman, Kelly M. and Trawalter, Sophie and Axt, Jordan R. and Oliver, M. Norman},
	title     = {Racial bias in pain assessment and treatment recommendations, and false beliefs about biological differences between blacks and whites},
	journal   = {Proceedings of the National Academy of Sciences},
	volume    = {113},
	number    = {16},
	pages     = {4296--4301},
	year      = {2016},
	doi       = {10.1073/pnas.1516047113},
	publisher = {National Academy of Sciences},
	issn      = {0027-8424},
	eprint    = {https://www.pnas.org/content/113/16/4296.full.pdf},
	note      = {\url{https://www.pnas.org/content/113/16/4296}}
}
@misc{EU12K,
    title     = {The Voice of 12,000 Patients: Experiences and Expectations of Rare Disease Patients on Diagnosis and Care in Europe},
    year      = {2009},
    note      = {\url{https://www.eurordis.org/IMG/pdf/voice_12000_patients/EURORDISCARE_FULLBOOKr.pdf}}
}
@misc{HamProj,
    title     = {Rates of Drug Use and Sales, by Race; Rates of Drug Related Criminal Justice Measures, by Race},
    publisher = {The Hamilton Project},
    year      = {2015},
    note      = {Source: BLS n.d.c.; Carson 2015; Census Bureau n.d.; FBI 2015},
    note      = {\url{https://www.hamiltonproject.org/charts/rates_of_drug_use_and_sales_by_race_rates_of_drug_related_criminal_justice}}
}

@comment{Chapter III: Group Fairness}

@article{Fukuchi,
    author    = {Kazuto Fukuchi and Jun Sakuma and Toshihiro Kamishima},
	title     = {Prediction with Model-Based Neutrality},
	journal   = {IEICE TRANS. INF. \& SYS.},
	volume    = {E98-D},
	number    = {8},
	month     = {August},
	year      = {2015},
	doi       = {Fukuchi},
	publisher = {The Institute of Electronics, Information and Communication Engineers},
	note      = {\url{https://www.kamishima.net/archive/2015-t-ieice-print.pdf}}
}
@misc{Zliobaite,
    author        = {Indre Zliobaite},
    title         = {On the relation between accuracy and fairness in binary classification},
    year          = {2015},
    eprint        = {1505.05723},
    archivePrefix = {arXiv},
    primaryClass  = {cs.LG},
    note          = {\url{https://arxiv.org/abs/1505.05723}}
}
@article{US-EEOC,
    author    = {U.S. Equal Employment Opportunity Commission},
    title     = {Questions and Answers to Clarify and Provide a Common Interpretation of the Uniform Guidelines on Employee Selection Procedures},
    journal   = {Federal Register},
    volume    = {44},
    number    = {43},
    month     = {March},
    year      = {1979},
    note      = {\url{https://www.eeoc.gov/laws/guidance/questions-and-answers-clarify-and-provide-common-interpretation-uniform-guidelines}}
}
@inproceedings{Pedreschi,
    author    = {Pedreschi, Dino and Ruggieri, Salvatore and Turini, Franco},
    title     = {Discrimination-aware data mining},
    booktitle = {Proceedings of the ACM SIGKDD International Conference on Knowledge Discovery and Data Mining},
    pages     = {560-568},
    month     = {August},
    year      = {2008},
    doi       = {10.1145/1401890.1401959},
    note      = {\url{https://www.researchgate.net/publication/221654695_Discrimination-aware_data_mining}}
}
@misc{AIF360,
    author        = {Rachel K. E. Bellamy and Kuntal Dey and Michael Hind and Samuel C. Hoffman and Stephanie Houde and Kalapriya Kannan and Pranay Lohia and Jacquelyn Martino and Sameep Mehta and Aleksandra Mojsilovic and Seema Nagar and Karthikeyan Natesan Ramamurthy and John Richards and Diptikalyan Saha and Prasanna Sattigeri and Moninder Singh and Kush R. Varshney and Yunfeng Zhang},
    title         = {AI Fairness 360: An Extensible Toolkit for Detecting, Understanding, and Mitigating Unwanted Algorithmic Bias}, 
    year          = {2018},
    eprint        = {1810.01943},
    archivePrefix = {arXiv},
    primaryClass  = {cs.AI},
    note          = {\url{https://arxiv.org/abs/1810.01943}}
}
@article{DispMistreat,
    author    = {Zafar, Muhammad Bilal and Valera, Isabel and Gomez Rodriguez, Manuel and Gummadi, Krishna P.},
    title     = {Fairness Beyond Disparate Treatment \& Disparate Impact},
    journal   = {Proceedings of the 26th International Conference on World Wide Web},
    publisher = {International World Wide Web Conferences Steering Committee},
    month     = {April},
    year      = {2017},
    ISBN      = {9781450349130},
    doi       = {10.1145/3038912.3052660},
    note      = {\url{http://dx.doi.org/10.1145/3038912.3052660}}
}
@inproceedings{BalRes,
    author    = {Calders, Toon and Karim, Asim and Kamiran, Faisal and Ali, Wasif and Zhang, Xiangliang},
    title     = {Controlling Attribute Effect in Linear Regression},
    booktitle = {Proceedings - IEEE International Conference on Data Mining, ICDM},
    month     = {December},
    year      = {2013},
    doi       = {10.1109/ICDM.2013.114},
    note      = {\url{https://www.researchgate.net/publication/261637367_Controlling_Attribute_Effect_in_Linear_Regression}}
}
@book{FairMLBook,
    author    = {Solon Barocas and Moritz Hardt and Arvind Narayanan},
    title     = {Fairness and Machine Learning},
    publisher = {fairmlbook.org},
    year      = {2019},
    note      = {\url{http://www.fairmlbook.org}}
}
@misc{EqOfOp,
    author        = {Moritz Hardt and Eric Price and Nathan Srebro},
    title         = {Equality of Opportunity in Supervised Learning}, 
    year          = {2016},
    eprint        = {1610.02413},
    archivePrefix = {arXiv},
    primaryClass  = {cs.LG},
    note          = {\url{https://arxiv.org/abs/1610.02413}}
}
@misc{ImplicitFairness,
    author        = {Lydia T. Liu and Max Simchowitz and Moritz Hardt},
    title         = {The implicit fairness criterion of unconstrained learning}, 
    year          = {2019},
    eprint        = {1808.10013},
    archivePrefix = {arXiv},
    primaryClass  = {cs.LG},
    note          = {\url{https://arxiv.org/abs/1808.10013}}
}
@misc{Chouldechova,
    author        = {Alexandra Chouldechova},
    title         = {Fair prediction with disparate impact: A study of bias in recidivism prediction instruments}, 
    year          = {2016},
    eprint        = {1610.07524},
    archivePrefix = {arXiv},
    primaryClass  = {stat.AP}
}

@comment{Chapter IV: Ethical Development}

@misc{DworkIndFair,
    title         = {Fairness Through Awareness}, 
    author        = {Cynthia Dwork and Moritz Hardt and Toniann Pitassi and Omer Reingold and Rich Zemel},
    year          = {2011},
    eprint        = {1104.3913},
    archivePrefix = {arXiv},
    primaryClass  = {cs.CC},
    note          = {\url{https://arxiv.org/abs/1104.3913}}
}
@InProceedings{ZemelLearnFairReps,
    author    = {Rich Zemel and Yu Wu and Kevin Swersky and Toni Pitassi and Cynthia Dwork},
    title     = {Learning Fair Representations},
    booktitle = {Proceedings of the 30th International Conference on Machine Learning},
    pages     = {325--333},
    month     = {June},
    year      = {2013},
    editor    = {Sanjoy Dasgupta and David McAllester},
    volume    = {28},
    number    = {3},
    series    = {Proceedings of Machine Learning Research},
    address   = {Atlanta, Georgia, USA},
    publisher = {PMLR},
    pdf       = {http://proceedings.mlr.press/v28/zemel13.pdf},
    note      = {\url{http://proceedings.mlr.press/v28/zemel13.html}}
}
@article{IneqIndPaper,
   author    = {Speicher, Till and Heidari, Hoda and Grgic-Hlaca, Nina and Gummadi, Krishna P. and Singla, Adish and Weller, Adrian and Zafar, Muhammad Bilal},
   title     = {A Unified Approach to Quantifying Algorithmic Unfairness},
   journal   = {Proceedings of the 24th ACM SIGKDD International Conference on Knowledge Discovery \& Data Mining},
   publisher = {ACM},
   month     = {July},
   year      = {2018},
   ISBN      = {9781450355520},
   doi       = {10.1145/3219819.3220046},
   note      = {\url{http://dx.doi.org/10.1145/3219819.3220046}}
}

@comment{Chapter V: Diversity}
